<?xml version="1.0" encoding="UTF-8"?><collection xmlns="http://www.loc.gov/MARC21/slim"><record><leader>00450nam--2200133-i-4500</leader><controlfield tag="001">000013632</controlfield><controlfield tag="002">20161230</controlfield><controlfield tag="005">20161230201030</controlfield><controlfield tag="008">060222s1000------------r-----000-0-eng-d</controlfield><datafield ind1=" " ind2=" " tag="245"><subfield code="a">Coherence and quantum optics iv. proceedings o n coherence and quantum optics held at the uni versity of rochester, june 8-10, 1977</subfield></datafield><datafield ind1=" " ind2=" " tag="260"><subfield code="a">New York, Plenum Press, 1978</subfield></datafield><datafield ind1=" " ind2=" " tag="490"><subfield code="a">Xiv+1011p</subfield></datafield><datafield ind1=" " ind2=" " tag="700"><subfield code="a">Mandel, Leonard And Wolf, Emil</subfield></datafield><datafield ind1=" " ind2=" " tag="852"><subfield code="a">621.375.826(061.3)</subfield></datafield></record></collection>